@article{Olsak13,
	author = "Petr Olšák",
	title = "TeX – 5 (příklad makra pro generování HTML)",
	year = 2013,
	url = "http://www.abclinuxu.cz/clanky/tex-5-priklad-makra-pro-generovani-html",
	journaltitle= "AbcLinuxu.cz",
	place = "Praha"
}
